<?xml version="1.0" encoding="UTF-8"?><collection xmlns="http://www.loc.gov/MARC21/slim"><record><leader>00601nam--2200205-i-4500</leader><controlfield tag="001">000024130</controlfield><controlfield tag="002">20161230</controlfield><controlfield tag="005">20161230201035</controlfield><controlfield tag="008">060222s1000------------r-----000-0-eng-d</controlfield><datafield ind1=" " ind2=" " tag="020"><subfield code="a">0123805805</subfield></datafield><datafield ind1=" " ind2=" " tag="040"><subfield code="a">IFIN-HH</subfield></datafield><datafield ind1=" " ind2=" " tag="080"><subfield code="a">539.143.43:577.2</subfield></datafield><datafield ind1="1" ind2=" " tag="100"><subfield code="a">Jardetzky, Oleg</subfield></datafield><datafield ind1="1" ind2="0" tag="245"><subfield code="a">Nmr in molecular biology</subfield><subfield code="c">Oleg jardetzky, g.c.k. roberts</subfield></datafield><datafield ind1=" " ind2=" " tag="260"><subfield code="a">New York</subfield><subfield code="b">Academic Press</subfield><subfield code="c">1981</subfield></datafield><datafield ind1=" " ind2=" " tag="300"><subfield code="a">XIII + 681P</subfield></datafield><datafield ind1=" " ind2=" " tag="490"><subfield code="a">Molecular Biology An International Series Of Monograph And Textbooks</subfield></datafield><datafield ind1="1" ind2=" " tag="700"><subfield code="a">Roberts, G.C.K</subfield></datafield><datafield ind1=" " ind2=" " tag="852"><subfield code="a">70114</subfield><subfield code="c">539.143.43</subfield></datafield><datafield ind1=" " ind2=" " tag="CAT"><subfield code="a">Sys</subfield><subfield code="c">20120510</subfield><subfield code="h">192847</subfield></datafield></record></collection>